<?xml version="1.0" encoding="UTF-8"?><collection xmlns="http://www.loc.gov/MARC21/slim"><record><leader>00404nam--2200121-i-4500</leader><controlfield tag="001">000016384</controlfield><controlfield tag="002">20161230</controlfield><controlfield tag="005">20161230201031</controlfield><controlfield tag="008">060222s1000------------r-----000-0-eng-d</controlfield><datafield ind1=" " ind2=" " tag="100"><subfield code="a">Raisin,Claude</subfield></datafield><datafield ind1=" " ind2=" " tag="245"><subfield code="a">Structure et proprietes semiconductrices de l arsenic amorphe.etude comparative des propri etes optique et de l arsenic cristallise.these</subfield></datafield><datafield ind1=" " ind2=" " tag="260"><subfield code="a">Languedoc,Universite,1975. 104 P</subfield></datafield><datafield ind1=" " ind2=" " tag="852"><subfield code="a">78158</subfield></datafield></record></collection>